@inproceedings{howes2006,
    author = {Howes, Lee W. and Price, Paul and Mencer, Oskar and Beckmann, Olav and Pell, Oliver},
    title = {Comparing FPGAs to Graphics Accelerators and the Playstation 2 Using a Unified Source Description},
    year = {2006},
    month = aug,
    booktitle = {2006 International Conference on Field Programmable Logic and Applications},
    pages = {119-124},
    doi = {10.1109/FPL.2006.311203}
}

@inproceedings{gaster2013,
    author = {Gaster, Benedict R. and Howes, Lee},
    title = {OpenCL C++},
    year = {2013},
    month = mar,
    booktitle = {Proceedings of the \nth{6} Workshop on General Purpose Processor Using Graphics Processing Units},
    pages = {86-95},
    doi = {10.1145/2458523.2458532}
}

@techreport{wong2016,
    author = {Wong, Michael and Richards, Andrew and Rovatsou, Maria and Reyes, Ruyman},
    title = {Khronos's OpenCL SYCL to support Heterogeneous Devices for C++},
    year = {2016},
    month = feb,
    institution = {Codeplay Software Ltd.},
    type = {Vorschlag für das C++-Standardisierungsverfahren. Untergruppe EWG, Studiengruppen SG1 und SG14.},
    number = {Dokumentennummer P0236R0},
}

@inproceedings{fifield2016,
    author = {Fifield, Jeff and Keryell, Ronan and Ratigner, Hervé and Styles, Henry and Wu, Jim},
    title = {Optimizing OpenCL applications on Xilinx FPGA},
    year = {2016},
    month = apr,
    booktitle = {Proceedings of the \nth{4} International Workshop on OpenCL},
    articleno = {5},
    doi = {10.1145/2909437.2909447}
}

@inproceedings{copik2017,
    author = {Copik, Marcin and Kaiser, Hartmut},
    title = {Using SYCL as an Implementation Framework for HPX.Compute},
    year = {2017},
    month = may,
    booktitle = {Proceedings of the \nth{5} International Workshop on OpenCL},
    articleno = {30},
    doi = {10.1145/3078155.3078187}
}

@inproceedings{doumoulakis2017,
    author = {Doumoulakis, Anastasios and Keryell, Ronan and O'Brien, Kenneth},
    title = {SYCL C++ and \mbox{OpenCL} interoperability experimentation with triSYCL},
    year = {2017},
    month = may,
    booktitle = {Proceedings of the \nth{5} International Workshop on OpenCL},
    articleno = {31},
    doi = {10.1145/3078155.3078188}
}

@thesis{benner2018,
    author = {Benner, Sebastian},
    title = {Parallelisierung des datenintensiven Kalibrierungsalgorithmus für den Röntgenstrahlen"=Pixeldetektor \glq Jungfrau\grq},
    year = {2018},
    school = {Technische Universität Dresden},
    type = {Bachelorarbeit},
    address = {Fakultät Informatik, Helmholtzstraße 10, 01069 Dresden}
}

@thesis{krebs2019,
    author = {Krebs, Florian},
    title = {A Translation Framework from RVC-CAL Dataflow Programs to \mbox{OpenCL}/SYCL based Implementations},
    year = {2019},
    month = jan,
    school = {Technische Universität Kaiserslautern},
    type = {Masterarbeit},
    address = {Gottlieb-Daimler-Straße, Gebäude 47, 67663 Kaiserslautern}
}

@inproceedings{burns2019,
    author = {Burns, Rod and Lawson, John and McBain, Duncan and Soutar, Daniel},
    title = {Accelerated Neural Networks on OpenCL Devices Using SYCL-DNN},
    year = {2019},
    month = may,
    booktitle = {Proceedings of the \nth{7} International Workshop on OpenCL},
    articleno = {??},
    doi = {10.1145/3318170.3318183}
}

@standard{sycl2019,
    editor = {Keryell, Ronan and Rovatsou, Maria and Howes, Lee},
    title = {SYCL\texttrademark\ Specification},
    year = {2019},
    edition = {Version 1.2.1, Revision 5},
    month = apr,
    organization = {The Khronos Group},
    address = {9450 SW Gemini \mbox{Drive} \#45043, Beaverton, OR 97008-6018, Vereinigte Staaten von Amerika}
}

@article{rodriguez-gutiez2019,
    author = {Rodriguez-Gutiez, Eduardo and Moreton-Fernandez, Ana and Gonzalez-Escribano, Arturo and Llanos, Diego R.},
    title = {Toward a BLAS library truly portable across different accelerator types},
    year = {2019},
    month = jun,
    journal = {The Journal of Supercomputing},
    note = {Nach Auskunft des Verlages keiner speziellen Ausgabe zugeordnet.},
    doi = {10.1007/s11227-019-02925-3}
}
